@BOOK{Walker2017,
   author = {Matthew Walker},
   title = {Why we sleep: Unlocking the Power of Sleep and Dreams}, 
   publisher = {Penguin Random House LLC},
   edition = {1st},
   year = {2017},
   url = {https://books.google.kz/books?id=8bSuDgAAQBAJ&pg},
}

@article{Carell2018,
  author = {Scott E. Carrell and Teny Maghakian and James Edwards West},
  title = {A’s from Zzzz’s? The Causal effect of school start time on the academic achievement of adolescents},
  journal = {American economic journal: economic policy},
  year = 2011,
  volume = 3,
  number = 3,
  pages = {62--81},
  url = {https://doi.org/10.1257/pol.3.3.62}
}

@article{CROWLEY2007602,
title = {Sleep, circadian rhythms, and delayed phase in adolescence},
journal = {Sleep Medicine},
volume = {8},
number = {6},
pages = {602-612},
year = {2007},
note = {Circadian Rhythms in Sleep Medicine},
issn = {1389-9457},
doi = {https://doi.org/10.1016/j.sleep.2006.12.002},
author = {Stephanie J. Crowley and Christine Acebo and Mary A. Carskadon},
}

@article{Figueiro2011,
author = {MG Figueiro and JA Brons and B. Plitnick and B. Donlan and RP Leslie and MS Rea},
title ={Measuring circadian light and its impact on adolescents},
journal = {Lighting Research \& Technology},
volume = {43},
number = {2},
pages = {201-215},
year = {2011},
doi = {https://doi.org/10.1177/1477153510382853},
    note ={PMID: 23504437},
}

@article{Giurgiu2021,
  title={Drivers of productivity: Being physically active increases yet sedentary bouts and lack of sleep decrease work ability},
  author={Marco Giurgiu and Rebecca Nissen and Gerhard M{\"u}ller and Ulrich W. Ebner-Priemer and Markus Reichert and Bronwyn K. Clark},
  journal={Scandinavian Journal of Medicine \& Science in Sports},
  year={2021},
  volume={31},
  number = {10},
  pages={1921 - 1931},
  doi = {https://doi.org/10.1111/sms.14005},
}

@article{Kelley2017,
    author = {Kelley, Paul and Lockley, Steven and Kelley, Jonathan and Evans, M.D.R.},
    year = {2017},
    pages = {588},
    title = {Is 8:30 a.m. Still Too Early to Start School? A 10:00 a.m. School Start Time Improves Health and Performance of Students Aged 13–16},
    volume = {11},
    journal = {Frontiers in Human Neuroscience},
    doi = {https://doi.org/10.3389/fnhum.2017.00588},
}

@techreport{Massimov_res,
    author = {Karim Massimov},
    title         = {Об утверждении Правил присуждения и размеров образовательного гранта Первого Президента Республики Казахстан - Лидера нации «Өркен» для оплаты обучения одаренных детей в автономной организации образования «Назарбаев Интеллектуальные школы». (On approval of the Rules for awarding and the size of the educational grant of the First President of the Republic of Kazakhstan - the Leader of the nation "Orken" to pay for the education of gifted children in the autonomous educational organization “Nazarbayev Intellectual Schools”)},
    howpublished  = {Resolution no. 317},
    institution  = {Ministry of Education of the Republic of Kazakhstan},
    address       = {Astana, Kazakhstan},
    year          = {2021},
    url           = {https://adilet.zan.kz/rus/docs/P090000317},
}

@misc{nigms,
  author        = {{National Institute of General Medical Sciences}},
  title         = {Circadian Rhythms},
  year          = {n.d. [Online]},
  url           = {https://www.nigms.nih.gov/education/fact-sheets/Pages/circadian-rhythms.aspx },
}

@article{Owens2010,
    author = {Owens, Judith A. and Belon, Katherine and Moss, Patricia},
    title = {Impact of Delaying School Start Time on Adolescent Sleep, Mood, and Behavior},
    journal = {Archives of Pediatrics \& Adolescent Medicine},
    volume = {164},
    number = {7},
    pages = {608-614},
    year = {2010},
    doi = {https://doi.org/10.1001/archpediatrics.2010.96},
}

@article{Pope2016,
    author = {Pope, Nolan G.},
    title = "{How the Time of Day Affects Productivity: Evidence from School Schedules}",
    journal = {The Review of Economics and Statistics},
    volume = {98},
    number = {1},
    pages = {1-11},
    year = {2016},
    doi = {https://doi.org/10.1162/REST\_a\_00525},
}

@misc{zakon_2020,
  author        = {Anastasiya Stativkina},
  title         = {Сколько тратит Казахстан на одного учащегося в год. [How much does Kazakhstan spend on one school student per year]},
  journal       = {Zakon.kz},
  year          = {2020},
  url           = {https://www.zakon.kz/5024503-skolko-tratit-kazahstan-na-odnogo.html},
}

@article{dongen2003,
    author = {Van Dongen, Hans P.A. and Maislin, Greg and Mullington, Janet M. and Dinges, David F.},
    title = "{The Cumulative Cost of Additional Wakefulness: Dose-Response Effects on Neurobehavioral Functions and Sleep Physiology From Chronic Sleep Restriction and Total Sleep Deprivation}",
    journal = {Sleep},
    volume = {26},
    number = {2},
    pages = {117-126},
    year = {2003},
    doi = {https://doi.org/10.1093/sleep/26.2.117},

}

@online{youtube,
        title = {Is your school slowly destroying your brain?},
        date = {2021},
        month = {October},
        day = {21},
        organization = {Youtube},
        author = {https://www.youtube.com/watch?v=M4u6oOQ77mg},
    }